% ....názov súboru je: literatura.bib

% článok v zborníku
@inproceedings{Czarnecki:Progress,
	author = "Jonathan Leung, Zhiqi Shen, Chunyan Miao",
	title = "Goal-Oriented Modelling for Virtual Assistants",
	month = dec,
	year = "2019",
	publisher = "IEEE",
	publish in = "2019 IEEE International Conference on Agents (ICA)",
	address = "Jinan, China",
}